@article{jaynes1957,
   author = {{Jaynes}, E.~T.},
    title = "{Information Theory and Statistical Mechanics. II}",
  journal = {Physical Review},
     year = 1957,
    month = "Oct",
   volume = 108,
    pages = {171-190},
      doi = {10.1103/PhysRev.108.171}
}
@article{genest1984,
  title={Aggregating opinions through logarithmic pooling},
  author={Genest, Christian and Weerahandi, Samaradasa and Zidek, James V},
  journal={Theory and Decision},
  volume={17},
  number={1},
  pages={61--70},
  year={1984},
  publisher={Springer}
}
@article{genest1986A,
  title={Characterization of externally Bayesian pooling operators},
  author={Genest, Christian and McConway, Kevin J and Schervish, Mark J},
  journal={The Annals of Statistics},
  pages={487--501},
  year={1986},
  publisher={JSTOR}
}
@article{genest1986B,
  title={Combining probability distributions: A critique and an annotated bibliography},
  author={Genest, Christian and Zidek, James V},
  journal={Statistical Science},
  pages={114--135},
  year={1986},
  publisher={JSTOR}
}
@article{lind1988,
  title={Pooling expert opinions on probability distributions},
  author={Lind, Niels C and Nowak, Andrzej S},
  journal={Journal of engineering mechanics},
  volume={114},
  number={2},
  pages={328--341},
  year={1988},
  publisher={American Society of Civil Engineers}
}
@article{savchuk1994,
  title={Bayes reliability estimation using multiple sources of prior information: binomial sampling},
  author={Savchuk, Vladimir P and Martz, Harry F},
  journal={Reliability, IEEE Transactions on},
  volume={43},
  number={1},
  pages={138--144},
  year={1994},
  publisher={IEEE}
}
@article{jacobs1995,
  title={Methods for combining experts' probability assessments},
  author={Jacobs, Robert A},
  journal={Neural computation},
  volume={7},
  number={5},
  pages={867--888},
  year={1995},
  publisher={MIT Press}
}
@article{myung1996,
  title={Maximum entropy aggregation of expert predictions},
  author={Myung, In Jae and Ramamoorti, Sridhar and Bailey Jr, Andrew D},
  journal={Management Science},
  volume={42},
  number={10},
  pages={1420--1436},
  year={1996},
  publisher={INFORMS}
}
@article{kass1996,
  title={The selection of prior distributions by formal rules},
  author={Kass, Robert E and Wasserman, Larry},
  journal={Journal of the American Statistical Association},
  volume={91},
  number={435},
  pages={1343--1370},
  year={1996},
  publisher={Taylor \& Francis Group}
}
@article{heskes1998,
  title={Selecting weighting factors in logarithmic opinion pools},
  author={Heskes, Tom},
  journal={Advances in neural information processing systems},
  pages={266--272},
  year={1998},
  publisher={MORGAN KAUFMANN PUBLISHERS}
}
@article{givens1999,
  title={Logarithmic pooling of priors linked by a deterministic simulation model},
  author={Givens, Geof H and Roback, Paul J},
  journal={Journal of Computational and Graphical Statistics},
  volume={8},
  number={3},
  pages={452--478},
  year={1999},
  publisher={Taylor \& Francis Group}
}
@article{poole2000,
  title={Inference for deterministic simulation models: the Bayesian melding approach},
  author={Poole, David and Raftery, Adrian E},
  journal={Journal of the American Statistical Association},
  volume={95},
  number={452},
  pages={1244--1255},
  year={2000},
  publisher={Taylor \& Francis Group}
}
@article{roback2001,
  title={Supra-bayesian pooling of priors linked by a deterministic simulation model},
  author={Roback, Paul J and Givens, Geof H},
  journal={Communications in Statistics-Simulation and Computation},
  volume={30},
  number={3},
  pages={447--476},
  year={2001},
  publisher={Taylor \& Francis}
}
@article{Coelho2007,
  title={On the distribution of the product and ratio of independent generalized gamma-ratio random variables},
  author={Coelho, Carlos A and Mexia, Joao T},
  journal={Sankhy{\=a}: The Indian Journal of Statistics},
  pages={221--255},
  year={2007},
  publisher={JSTOR}
}
@article{Feng2007,
  title={Final and peak epidemic sizes for SEIR models with quarantine and isolation},
  author={Feng, Zhilan},
  journal={Mathematical Biosciences \& Engineering},
  volume={4},
  number={4},
  pages={675},
  year={2007},
  publisher={American Institute of Mathematical Sciences}
}
@incollection{raftery2007,
  booktitle={{B}ayesian Statistics},
  title={Estimating the integrated likelihood via posterior simulation using the harmonic mean identity},
  author={Raftery, Adrian E and Newton, Michael A and Satagopan, Jaya M and Krivitsky, Pavel N},  
  editor={Bernardo,J. M. and  Bayarri, M. J. and Berger, J. O. and Dawid, A. P. and Heckerman, D. and Smith, A. F. M. and West, M.},
  pages={1--45}, 
  publisher={Oxford University Press},
  year={2007}
}
@article{Clancy2008,
  title={Bayesian estimation of the basic reproduction number in stochastic epidemic models},
  author={Clancy, Damian and O'Neill, Philip D and others},
  journal={Bayesian Analysis},
  volume={3},
  number={4},
  pages={737--757},
  year={2008},
  publisher={International Society for Bayesian Analysis}
}
@article{abbas2009,
  title={A {K}ullback-{L}eibler view of linear and log-linear pools},
  author={Abbas, Ali E},
  journal={Decision Analysis},
  volume={6},
  number={1},
  pages={25--37},
  year={2009},
  publisher={INFORMS}
}
@article{Coelho2009,
   Author="Coelho, F. C.  and Code\c{c}o, C. T. ",
   Title="{{D}ynamic modeling of vaccinating behavior as a function of individual beliefs}",
   Journal="PLoS Comput. Biol.",
   Year="2009",
   Volume="5",
   Number="7",
   Pages="e1000425",
   Month="Jul"
}
@article{Coelho2011,
  title={A Bayesian framework for parameter estimation in dynamical models},
  author={Coelho, Flavio Code{\c{c}}o and Code{\c{c}}o, Claudia Torres and Gomes, M Gabriela M},
  journal={PloS one},
  volume={6},
  number={5},
  pages={e19616},
  year={2011},
  publisher={Public Library of Science}
}
@article{yeh2011,
  title={H{\"o}lder's Inequality and Related Inequalities in Probability},
  author={Yeh, Cheh-Chih},
  journal={International Journal of Artificial Life Research (IJALR)},
  volume={2},
  number={1},
  pages={54--61},
  year={2011},
  publisher={IGI Global}
}
@article{Miller2012,
  title={A note on the derivation of epidemic final sizes},
  author={Miller, Joel C},
  journal={Bulletin of mathematical biology},
  volume={74},
  number={9},
  pages={2125--2141},
  year={2012},
  publisher={Springer}
}
@article{rufo2012A,
  title={Log-Linear Pool to Combine Prior Distributions: A Suggestion for a Calibration-Based Approach},
  author={Rufo, MJ and Martin, J and P{\'e}rez, CJ and others},
  journal={Bayesian Analysis},
  volume={7},
  number={2},
  pages={411--438},
  year={2012},
  publisher={International Society for Bayesian Analysis}
}
@article{rufo2012B,
  title={A Bayesian approach to aggregate expertsâ€™ initial information},
  author={Rufo, Mar{\'\i}a Jes{\'u}s and P{\'e}rez, Carlos J and Mart{\'\i}n, Jacinto and others},
  journal={Electronic Journal of Statistics},
  volume={6},
  pages={2362--2382},
  year={2012},
  publisher={Institute of Mathematical Statistics}
}
@article{Seaman2012,
  Title={Hidden dangers of specifying noninformative priors},
  Author={Seaman III, John W and Seaman Jr, John W and Stamey, James D},
  Journal={The American Statistician},
  Volume={66},
  Number={2},
  Pages={77--84},
  Year={2012},
  Publisher={Taylor \& Francis}
}
@misc{stan2014,
  author = {{Stan Development Team}},
  year = {2014},
  title = {Stan: A C++ Library for Probability and Sampling,
           Version 2.6.0},
  url = {http://mc-stan.org/}
}
@article{Weidemann2014,
  title={Bayesian parameter inference for dynamic infectious disease modelling: rotavirus in Germany},
  author={Weidemann, Felix and Dehnert, Manuel and Koch, Judith and Wichmann, Ole and H{\"o}hle, Michael},
  journal={Statistics in medicine},
  volume={33},
  number={9},
  pages={1580--1599},
  year={2014},
  publisher={Wiley Online Library}
}
@article{carvalho2016,
  title={On the choice of the weights for the logarithmic pooling of probability distributions},
  author={Carvalho, Luiz Max and Villela, Daniel A.M and Coelho, Flavio and Bastos, Leonardo S.},
  journal={},
  volume={},
  pages={},
  year={2016},
  publisher={In preparation}
}
@article{Ho2018,
  title={Direct likelihood-based inference for discretely observed stochastic compartmental models of infectious disease},
  author={Ho, Lam Si Tung and Crawford, Forrest W and Suchard, Marc A and others},
  journal={The Annals of Applied Statistics},
  volume={12},
  number={3},
  pages={1993--2021},
  year={2018},
  publisher={Institute of Mathematical Statistics}
}
